\begin{document}
@inbook{rajasekaran2006novel,
  author="Rajasekaran, Sanguthevar and Song, Mingjun",
  editor="Gerndt, Michael and Kranzlm{\"u}ller, Dieter",
  title="A Novel Scheme for the Parallel Computation of SVDs",
  booktitle="High Performance Computing and Communications: Second International Conference, HPCC 2006, Munich, Germany, September 13-15, 2006. Proceedings",
  year="2006",
  publisher="Springer Berlin Heidelberg",
  address="Berlin, Heidelberg",
  pages="129--137",
}

@article{luk1989proof,
  title={A proof of convergence for two parallel Jacobi SVD algorithms},
  author={Luk, Franklin T and Park, Haesun},
  journal={Computers, IEEE Transactions on},
  volume={38},
  number={6},
  pages={806--811},
  year={1989},
  publisher={IEEE}
}

@article{forsythe1960cyclic,
  title={The cyclic Jacobi method for computing the principal values of a complex matrix},
  author={Forsythe, George Elmer and Henrici, Peter},
  journal={Transactions of the American Mathematical Society},
  volume={94},
  number={1},
  pages={1--23},
  year={1960},
  publisher={JSTOR}
}

@article{schonhage1961konvergenz,
  title={Zur Konvergenz des Jacobi-Verfahrens},
  author={Sch{\"o}nhage, A},
  journal={Numerische Mathematik},
  volume={3},
  number={1},
  pages={374--380},
  year={1961},
  publisher={Springer}
}

@article{wilkinson1962note,
  title={Note on the quadratic convergence of the cyclic Jacobi process},
  author={Wilkinson, James Hardy},
  journal={Numerische Mathematik},
  volume={4},
  number={1},
  pages={296--300},
  year={1962},
  publisher={Springer}
}


@article{soliman2008memory,
 author = {Soliman, Mostafa I.},
 title = {{Memory Hierarchy Exploration for Accelerating the Parallel Computation of SVDs}},
 journal = {Neural, Parallel Sci. Comput.},
 volume = {16},
 number = {4},
 month = dec,
 year = {2008},
 pages = {543--561},
 publisher = {Dynamic Publishers, Inc.},
 address = {Atlanta, GA, USA},
 keywords = {SIMD, SVD, memory hierarchy, multi-core computation, multi-threading techniques, one-sided Jacobi, parallel algorithms, performance evaluation},
} 

@inproceedings{zhou1995parallel,
  title={On parallel implementation of the one-sided Jacobi algorithm for singular value decompositions},
  author={Zhou, Bing Bing and Brent, Richard P},
  booktitle={Parallel and Distributed Processing, 1995. Proceedings. Euromicro Workshop on},
  pages={401--408},
  year={1995},
  organization={IEEE}
}


\end{document}

