\begin{document}
@article{luk1989proof,
  title={A proof of convergence for two parallel Jacobi SVD algorithms},
  author={Luk, Franklin T and Park, Haesun},
  journal={Computers, IEEE Transactions on},
  volume={38},
  number={6},
  pages={806--811},
  year={1989},
  publisher={IEEE}
}

@article{forsythe1960cyclic,
  title={The cyclic Jacobi method for computing the principal values of a complex matrix},
  author={Forsythe, George Elmer and Henrici, Peter},
  journal={Transactions of the American Mathematical Society},
  volume={94},
  number={1},
  pages={1--23},
  year={1960},
  publisher={JSTOR}
}

@article{schonhage1961konvergenz,
  title={Zur Konvergenz des Jacobi-Verfahrens},
  author={Sch{\"o}nhage, A},
  journal={Numerische Mathematik},
  volume={3},
  number={1},
  pages={374--380},
  year={1961},
  publisher={Springer}
}

@article{wilkinson1962note,
  title={Note on the quadratic convergence of the cyclic Jacobi process},
  author={Wilkinson, James Hardy},
  journal={Numerische Mathematik},
  volume={4},
  number={1},
  pages={296--300},
  year={1962},
  publisher={Springer}
}

@incollection{bevcka2013parallel,
  title={{Parallel One-Sided Jacobi SVD Algorithm with Variable Blocking Factor}},
  author={Be{\v{c}}ka, Martin and Ok{\v{s}}a, Gabriel},
  booktitle={Parallel Processing and Applied Mathematics},
  pages={57--66},
  year={2013},
  publisher={Springer}
}

%[1]
@article{bevcka2002dynamic,
  title = {{Dynamic Ordering for a Parallel block-Jacobi SVD Algorithm}},
  author={Be{\v{c}}ka, Martin and Ok{\v{s}}a, Gabriel and Vajter{\v{s}}ic, Marian},
  journal={Parallel Computing},
  volume={28},
  number={2},
  pages={243--262},
  year={2002},
  publisher={Elsevier}
}

%[2]
@article{bevcka1999blocka,
  title={{Block-Jacobi SVD Algorithms for Distributed Memory Systems I: Hypercubes and Rings}},
  author={Be{\v{c}}ka, Martin and Vajter{\v{s}}ic, Mari{\'a}n},
  journal={Parallel Algorithms and Application},
  volume={13},
  number={3},
  pages={265--287},
  year={1999},
  publisher={Taylor \& Francis}
}

%[3]
@article{bevcka1999blockb,
  title={{Block-Jacobi SVD Algorithms for Distributed Memory Systems II: Meshes}},
  author={Be{\v{c}}ka, Martin and Vajter{\v{s}}ic, Mari{\'a}n},
  journal={Parallel Algorithms and Application},
  volume={14},
  number={1},
  pages={37--56},
  year={1999},
  publisher={Taylor \& Francis}
}

%[10]
@article{okvsa2003special,
  title={{A Systolic Block-Jacobi SVD Solver for Processor Meshes}},
  author={Ok{\v{s}}a, Gabriel and Vajter{\v{s}}ic, Mari{\'a}n},
  journal={Parallel Algorithms and Applications},
  volume={18},
  number={1-2},
  pages={49--70},
  year={2003},
  publisher={Taylor \& Francis}
}



@techreport{kudo2016parallel,
  title={{Parallel One-Sided Block Jacobi SVD Algorithm with Dynamic Ordering and Variable Blocking: Performance Analysis and Optimization}},
  author={Kudo, Shuhei and Yamamoto, Yusaku and Be{\v{c}}ka, Martin and Vajter{\v{s}}ic, Mari{\'a}n},
  number={2016-02},
  INSTITUTION =   {Computer Science, University of Salzburg},
  ADDRESS =       {Salzburg, Austria},
  month={March},
  year={2016}
}

@article{becka2015parallel,
  title={{Parallel Code for One-sided Jacobi-Method}},
  author={Becka, Martin and Ok{\v{s}}a, Gabriel and Vajter{\v{s}}ic, Mari{\'a}n},
  year={2015}
}

@article{rajasekaran2008relaxation,
  title={{A relaxation scheme for increasing the parallelism in Jacobi-SVD}},
  author={Rajasekaran, Sanguthevar and Song, Mingjun},
  journal={Journal of Parallel and Distributed Computing},
  volume={68},
  number={6},
  pages={769--777},
  year={2008},
  publisher={Elsevier}
}

@article{soliman2008memory,
 author = {Soliman, Mostafa I.},
 title = {{Memory Hierarchy Exploration for Accelerating the Parallel Computation of SVDs}},
 journal = {Neural, Parallel and Scientific Computations},
 volume = {16},
 number = {4},
 year = {2008},
 pages = {543--562},
 publisher = {Dynamic Publishers, Inc.},
 address = {Atlanta, GA, USA},
 keywords = {SIMD, SVD, memory hierarchy, multi-core computation, multi-threading techniques, one-sided Jacobi, parallel algorithms, performance evaluation},
} 

@inproceedings{zhou1995parallel,
  title={{On Parallel Implementation of the One-sided Jacobi Algorithm for Singular Value Decompositions}},
  author={Zhou, Bing Bing and Brent, Richard P},
  booktitle={Proceedings of Euromicro Workshop on Parallel and Distributed Processing},
  pages={401--408},
  year={1995},
  organization={IEEE}
}

@book{golub2012matrix,
  title={{Matrix Computations}},
  author={Golub, Gene H and Van Loan, Charles F},
  volume={3},
  year={2012},
  publisher={Johns Hopkins University Press}
}


@book{horowitz2008computer,
  title={{Computer Algorithms}},
  author= {Horowitz, Ellis and Sahni, Sartaj and Rajasekaran, Sanguthevar},
  volume={2},
  year={2008},
  publisher={Silicon Press}
}

@book{leighton2014introduction,
  title={{Introduction to Parallel Algorithms and Architectures: Arrays, Trees, Hypercubes}},
  author={Leighton, F Thomson},
  year={2014},
  publisher={Elsevier}
}

@book{jaja1992introduction,
  title={{An Introduction to Parallel Algorithms}},
  author={J{\'a}J{\'a}, Joseph},
  volume={1},
  year={1992},
  publisher={Addison-Wesley}
}



@article{grimes1988solution,
  title={{Solution of Large, Dense Symmetric Generalized Eigenvalue Problems Using Secondary Storage}},
  author={Grimes, Roger G and Simon, Horst D},
  journal={ACM Transactions on Mathematical Software (TOMS)},
  volume={14},
  number={3},
  pages={241--256},
  year={1988},
  publisher={ACM}
}

@article{grimes1987solution,
  title={{The solution of large dense generalized eigenvalue problems on the Cray X-MP/24 with SSD}},
  author={Grimes, Roger and Krakauer, Henry and Lewis, John and Simon, Horst and Wei, Su-Hai},
  journal={Journal of Computational Physics},
  volume={69},
  number={2},
  pages={471--481},
  year={1987},
  publisher={Elsevier}
}

@article{demmel1992jacobi,
  title={{Jacobi's Method is More Accurate than QR}},
  author={Demmel, James and Veseli{\'{c}}, Kre{\v{s}}imir},
  journal={SIAM Journal on Matrix Analysis and Applications},
  volume={13},
  number={4},
  pages={1204--1245},
  year={1992},
  publisher={SIAM}
}

@inproceedings{haidar2013improved,
  title={{An Improved Parallel Singular Value Algorithm and Its Implementation for Multicore Hardware}},
  author={Haidar, Azzam and Kurzak, Jakub and Luszczek, Piotr},
  booktitle={Proceedings of the International Conference on High Performance Computing, Networking, Storage and Analysis},
  pages={90},
  year={2013},
  organization={ACM}
}

@article{hestenes1958inversion,
  title={{Inversion of Matrices by Biorthogonalization and Related Results}},
  author={Hestenes, Magnus R},
  journal={Journal of the Society for Industrial and Applied Mathematics},
  volume={6},
  number={1},
  pages={51--90},
  year={1958},
  publisher={SIAM}
}

@misc{galassi1996gnu,
  title={{GNU scientific library}},
  author={Galassi, Mark and Davies, Jim and Theiler, James and Gough, Brian and Jungman, Gerard and Alken, Patrick and Booth, Michael and Rossi, Fabrice},
  edition = {3rd},
  year={1996},
  howpublished={\url{http://www.gnu.org/software/gsl/}}
}

@article{nash1975one,
  title={A one-sided transformation method for the singular value decomposition and algebraic eigenproblem},
  author={Nash, John C.},
  journal={The Computer Journal},
  volume={18},
  number={1},
  pages={74--76},
  year={1975},
  publisher={Br Computer Soc}
}

@inproceedings{kudo2015performance,
  title={{Performance of the Parallel One-Sided Block Jacobi SVD Algorithm on a Modern Distributed-Memory Parallel Computer}},
  author={Kudo, Shuhei and Yamamoto, Yusaku and Be{\v{c}}ka, Martin and Vajter{\v{s}}ic, Marian},
  booktitle={International Conference on Parallel Processing and Applied Mathematics},
  pages={594--604},
  year={2015},
  organization={Springer}
}

@article{brent1985solution,
  title={{The Solution of Singular-Value and Symmetric Eigenvalue Problems on Multiprocessor Arrays}},
  author={Brent, Richard P and Luk, Franklin T},
  journal={Journal on Scientific and Statistical Computing},
  volume={6},
  number={1},
  pages={69--84},
  year={1985},
  publisher={SIAM}
}

@techreport{strumpen2003stream,
  title={{A Stream Algorithm for the SVD}},
  author={Strumpen, Volker and Hoffmann, Henry and Agarwal, Anant},
  number={641},
  INSTITUTION =   {Computer Science and Artificial Intelligence Laboratory, Massachusetts Institute of Technology},
  ADDRESS =       {Cambridge, MA},
  year={2003},
  month={October}
}


\end{document}

